@article {MR1319521,
    AUTHOR = {Kleshchev, Alexander S.},
     TITLE = {Branching rules for modular representations of symmetric
              groups. {II}},
   JOURNAL = {J. Reine Angew. Math.},
  FJOURNAL = {Journal f\"{u}r die Reine und Angewandte Mathematik. [Crelle's
              Journal]},
    VOLUME = {459},
      YEAR = {1995},
     PAGES = {163--212},
      ISSN = {0075-4102},
   MRCLASS = {20C30 (20C20 20G05)},
  MRNUMBER = {1319521},
MRREVIEWER = {Jens C. Jantzen},
       DOI = {10.1515/crll.1995.459.163},
       URL = {https://doi.org/10.1515/crll.1995.459.163},
}
